% Encoding: UTF-8

@article{naji2019survey,
  title={A survey on skin detection in colored images},
  author={Naji, Sinan and Jalab, Hamid A and Kareem, Sameem A},
  journal={Artificial Intelligence Review},
  volume={52},
  number={2},
  pages={1041--1087},
  year={2019},
  publisher={Springer}
}



@article{brancati2017human,
  title={Human skin detection through correlation rules between the YCb and YCr subspaces based on dynamic color clustering},
  author={Brancati, Nadia and De Pietro, Giuseppe and Frucci, Maria and Gallo, Luigi},
  journal={Computer Vision and Image Understanding},
  volume={155},
  pages={33--42},
  year={2017},
  publisher={Elsevier}
}


@inproceedings{tarasiewicz2020skinny,
  title={Skinny: A Lightweight U-net for Skin Detection and Segmentation},
  author={Tarasiewicz, Tomasz and Nalepa, Jakub and Kawulok, Michal},
  booktitle={2020 IEEE International Conference on Image Processing (ICIP)},
  pages={2386--2390},
  year={2020},
  organization={IEEE}
}

@article{jones2002statistical,
  title={Statistical color models with application to skin detection},
  author={Jones, Michael J and Rehg, James M},
  journal={International journal of computer vision},
  volume={46},
  number={1},
  pages={81--96},
  year={2002},
  publisher={Springer}
}

@book{kovac2003human,
  title={Human skin color clustering for face detection},
  author={Kovac, Jure and Peer, Peter and Solina, Franc},
  volume={2},
  year={2003},
  publisher={IEEE}
}

@inproceedings{khan2010skin,
  title={Skin detection: A random forest approach},
  author={Khan, Rehanullah and Hanbury, Allan and Stoettinger, Julian},
  booktitle={2010 IEEE International Conference on Image Processing},
  pages={4613--4616},
  year={2010},
  organization={IEEE}
}

@article{iraji2011skin,
  title={Skin color segmentation in fuzzy YCBCR color space with the mamdani inference},
  author={Iraji, Mohammad Saber and Yavari, Ali},
  journal={American journal of scientific research},
  volume={2011},
  number={7},
  pages={131--137},
  year={2011},
  publisher={EuroJournals Publishing, Inc. 2011}
}

@article{chen2007region,
  title={Region-based and content adaptive skin detection in color images},
  author={Chen, Wei-Che and Wang, Ming-Shi},
  journal={International journal of pattern recognition and artificial intelligence},
  volume={21},
  number={05},
  pages={831--853},
  year={2007},
  publisher={World Scientific}
}

@inproceedings{he2019semi,
  title={Semi-supervised skin detection by network with mutual guidance},
  author={He, Yi and Shi, Jiayuan and Wang, Chuan and Huang, Haibin and Liu, Jiaming and Li, Guanbin and Liu, Risheng and Wang, Jue},
  booktitle={Proceedings of the IEEE/CVF International Conference on Computer Vision},
  pages={2111--2120},
  year={2019}
}




@inproceedings{topiwala2019adaptation,
  title={Adaptation and evaluation of deep learning techniques for skin segmentation on novel abdominal dataset},
  author={Topiwala, Anirudh and Al-Zogbi, Lidia and Fleiter, Thorsten and Krieger, Axel},
  booktitle={2019 IEEE 19th International Conference on Bioinformatics and Bioengineering (BIBE)},
  pages={752--759},
  year={2019},
  organization={IEEE}
}

@Article{Kawulok2014EURASIP,
AUTHOR = {Kawulok, Michal and Kawulok, Jolanta and Nalepa, Jakub and Smolka, Bogdan},
TITLE = {Self-adaptive algorithm for segmenting skin regions},
JOURNAL = {EURASIP Journal on Advances in Signal Processing},
VOLUME = {2014},
YEAR = {2014},
pages = {1--22},
NUMBER = {170},
URL = {http://asp.eurasipjournals.com/content/2014/1/170},
DOI = {10.1186/1687-6180-2014-170},
ISSN = {1687-6180}
}

@inproceedings{casati2013sfa,
  title={SFA: A human skin image database based on FERET and AR facial images},
  author={Casati, Joao Paulo Brognoni and Moraes, Diego Rafael and Rodrigues, Evandro Luis Linhari},
  booktitle={IX workshop de Visao Computational, Rio de Janeiro},
  year={2013}
}

@article{sanmiguel2013skin,
  title={Skin detection by dual maximization of detectors agreement for video monitoring},
  author={Sanmiguel, Juan C and Suja, Sergio},
  journal={Pattern Recognition Letters},
  volume={34},
  number={16},
  pages={2102--2109},
  year={2013},
  publisher={Elsevier}
}

@article{tan2011fusion,
  title={A fusion approach for efficient human skin detection},
  author={Tan, Wei Ren and Chan, Chee Seng and Yogarajah, Pratheepan and Condell, Joan},
  journal={IEEE Transactions on Industrial Informatics},
  volume={8},
  number={1},
  pages={138--147},
  year={2011},
  publisher={IEEE}
}

@article{osman2016improved,
  title={Improved dynamic threshold method for skin colour detection using multi-colour space},
  author={Osman, Mohd Zamri and Maarof, Mohd Aizaini and Rohani, Mohd Foad},
  journal={Am. J. Appl. Sci},
  volume={13},
  pages={135--144},
  year={2016}
}

@article{schmugge2007objective,
  title={Objective evaluation of approaches of skin detection using ROC analysis},
  author={Schmugge, Stephen J and Jayaram, Sriram and Shin, Min C and Tsap, Leonid V},
  journal={Computer vision and image understanding},
  volume={108},
  number={1-2},
  pages={41--51},
  year={2007},
  publisher={Elsevier}
}

@article{phung2005skin,
  title={Skin segmentation using color pixel classification: analysis and comparison},
  author={Phung, Son Lam and Bouzerdoum, Abdesselam and Chai, Douglas},
  journal={IEEE transactions on pattern analysis and machine intelligence},
  volume={27},
  number={1},
  pages={148--154},
  year={2005},
  publisher={IEEE}
}

%@inproceedings{zhu2004adaptive,
%  title={Adaptive learning of an accurate skin-color model},
%  author={Zhu, Qiang and Cheng, Kwang-Ting and Wu, Ching-Tung and Wu, Yi-Leh},
%  booktitle={Sixth IEEE International Conference on Automatic Face and Gesture Recognition, 2004. Proceedings.},
%  pages={37--42},
%  year={2004},
%  organization={IEEE}
%}

@article{martinez1998ar,
  title={The AR Face Database: CVC Technical Report, 24},
  author={Martinez, Aleix and Benavente, Robert},
  year={1998}
}

@article{marszalec2000physics,
  title={Physics-based face database for color research},
  author={Marszalec, Elzbieta A and Martinkauppi, J Birgitta and Soriano, Maricor N and Pietikaeinen, Matti},
  journal={Journal of Electronic Imaging},
  volume={9},
  number={1},
  pages={32--38},
  year={2000},
  publisher={International Society for Optics and Photonics}
}

@article{ruiz2006skindiff,
  title={SKINDIFF-Robust and fast skin segmentation},
  author={Ruiz-del-Solar, J and Verschae, R},
  journal={Department of Electrical Engineering, Universidad de Chile},
  year={2006}
}

@article{berman1999flexible,
  title={A flexible image database system for content-based retrieval},
  author={Berman, Andrew P and Shapiro, Linda G},
  journal={Computer Vision and Image Understanding},
  volume={75},
  number={1-2},
  pages={175--195},
  year={1999},
  publisher={Elsevier}
}




@article{chen2012statistical,
  title={Statistical skin color detection method without color transformation for real-time surveillance systems},
  author={Chen, Yen-Hsiang and Hu, Kai-Ti and Ruan, Shanq-Jang},
  journal={Engineering Applications of Artificial Intelligence},
  volume={25},
  number={7},
  pages={1331--1337},
  year={2012},
  publisher={Elsevier}
}

@article{cheddad2009skin,
  title={A skin tone detection algorithm for an adaptive approach to steganography},
  author={Cheddad, Abbas and Condell, Joan and Curran, Kevin and Mc Kevitt, Paul},
  journal={Signal Processing},
  volume={89},
  number={12},
  pages={2465--2478},
  year={2009},
  publisher={Elsevier}
}

@article{bin2007rgb,
  title={Rgb-h-cbcr skin colour model for human face detection},
  author={bin Abdul Rahman, Nusirwan Anwar and Wei, Kit Chong and See, John},
  journal={Faculty of Information Technology, Multimedia University},
  volume={4},
  year={2007},
  publisher={Citeseer}
}

@article{baskan2002projection,
  title={Projection based method for segmentation of human face and its evaluation},
  author={Baskan, Selin and Bulut, M Mete and Atalay, Volkan},
  journal={Pattern Recognition Letters},
  volume={23},
  number={14},
  pages={1623--1629},
  year={2002},
  publisher={Elsevier}
}

@article{yao2001face,
  title={Face detection and location based on skin chrominance and lip chrominance transformation from color images},
  author={Yao, Hongxun and Gao, Wen},
  journal={Pattern recognition},
  volume={34},
  number={8},
  pages={1555--1564},
  year={2001},
  publisher={Elsevier}
}

@article{do2007skin,
  title={Skin color detection through estimation and conversion of illuminant color under various illuminations},
  author={Do, Hyun-Chul and You, Ju-Yeon and Chien, Sung-Il},
  journal={IEEE Transactions on Consumer Electronics},
  volume={53},
  number={3},
  pages={1103--1108},
  year={2007},
  publisher={IEEE}
}

@article{garcia1999face,
  title={Face detection using quantized skin color regions merging and wavelet packet analysis},
  author={Garcia, Christophe and Tziritas, George},
  journal={IEEE Transactions on multimedia},
  volume={1},
  number={3},
  pages={264--277},
  year={1999},
  publisher={IEEE}
}

@article{vadakkepat2008multimodal,
  title={Multimodal approach to human-face detection and tracking},
  author={Vadakkepat, Prahlad and Lim, Peter and De Silva, Liyanage C and Jing, Liu and Ling, Li Li},
  journal={IEEE transactions on industrial electronics},
  volume={55},
  number={3},
  pages={1385--1393},
  year={2008},
  publisher={IEEE}
}

@Book{zbMATH05833717,
 Author = {John C. {Russ}},
 Title = {{The image processing handbook.}},
 ISBN = {978-0-8493-7254-4},
 Pages = {817},
 Year = {2007},
 Publisher = {Boca Raton, FL: CRC Press},
 Language = {English},
 MSC2010 = {68U10 68-00 68-01},
 Zbl = {1204.68248}
}

@article{bt2011studio,
  title={Studio encoding parameters of digital television for standard 4: 3 and wide-screen 16: 9 aspect ratios},
  author={BT, RECOMMENDATION ITU-R and others},
  year={2011},
  publisher={International Telecommunications Union}
}

@inproceedings{phung2001universal,
  title={A universal and robust human skin color model using neural networks},
  author={Phung, Son Lam and Chai, Douglas and Bouzerdoum, Abdesselam},
  booktitle={IJCNN'01. International Joint Conference on Neural Networks. Proceedings (Cat. No. 01CH37222)},
  volume={4},
  pages={2844--2849},
  year={2001},
  organization={IEEE}
}

@article{redner1984mixture,
  title={Mixture densities, maximum likelihood and the EM algorithm},
  author={Redner, Richard A and Walker, Homer F},
  journal={SIAM review},
  volume={26},
  number={2},
  pages={195--239},
  year={1984},
  publisher={SIAM}
}

@article{krizhevsky2012imagenet,
  title={Imagenet classification with deep convolutional neural networks},
  author={Krizhevsky, Alex and Sutskever, Ilya and Hinton, Geoffrey E},
  journal={Advances in neural information processing systems},
  volume={25},
  pages={1097--1105},
  year={2012}
}

@inproceedings{long2015fully,
  title={Fully convolutional networks for semantic segmentation},
  author={Long, Jonathan and Shelhamer, Evan and Darrell, Trevor},
  booktitle={Proceedings of the IEEE conference on computer vision and pattern recognition},
  pages={3431--3440},
  year={2015}
}

@article{silburt2019lunar,
  title={Lunar crater identification via deep learning},
  author={Silburt, Ari and Ali-Dib, Mohamad and Zhu, Chenchong and Jackson, Alan and Valencia, Diana and Kissin, Yevgeni and Tamayo, Daniel and Menou, Kristen},
  journal={Icarus},
  volume={317},
  pages={27--38},
  year={2019},
  publisher={Elsevier}
}

@inproceedings{ronneberger2015u,
  title={U-net: Convolutional networks for biomedical image segmentation},
  author={Ronneberger, Olaf and Fischer, Philipp and Brox, Thomas},
  booktitle={International Conference on Medical image computing and computer-assisted intervention},
  pages={234--241},
  year={2015},
  organization={Springer}
}

@inproceedings{huang2017densely,
  title={Densely connected convolutional networks},
  author={Huang, Gao and Liu, Zhuang and Van Der Maaten, Laurens and Weinberger, Kilian Q},
  booktitle={Proceedings of the IEEE conference on computer vision and pattern recognition},
  pages={4700--4708},
  year={2017}
}

@inproceedings{ioffe2015batch,
  title={Batch normalization: Accelerating deep network training by reducing internal covariate shift},
  author={Ioffe, Sergey and Szegedy, Christian},
  booktitle={International conference on machine learning},
  pages={448--456},
  year={2015},
  organization={PMLR}
}

@inproceedings{szegedy2015going,
  title={Going deeper with convolutions},
  author={Szegedy, Christian and Liu, Wei and Jia, Yangqing and Sermanet, Pierre and Reed, Scott and Anguelov, Dragomir and Erhan, Dumitru and Vanhoucke, Vincent and Rabinovich, Andrew},
  booktitle={Proceedings of the IEEE conference on computer vision and pattern recognition},
  pages={1--9},
  year={2015}
}


@inproceedings{deng2009imagenet,
  title={Imagenet: A large-scale hierarchical image database},
  author={Deng, Jia and Dong, Wei and Socher, Richard and Li, Li-Jia and Li, Kai and Fei-Fei, Li},
  booktitle={2009 IEEE conference on computer vision and pattern recognition},
  pages={248--255},
  year={2009},
  organization={Ieee}
}


@article{fink2006visible,
  title={Visible skin color distribution plays a role in the perception of age, attractiveness, and health in female faces},
  author={Fink, Bernhard and Grammer, Karl and Matts, Paul J},
  journal={Evolution and Human Behavior},
  volume={27},
  number={6},
  pages={433--442},
  year={2006},
  publisher={Elsevier}
}

@article{choi2011age,
  title={Age estimation using a hierarchical classifier based on global and local facial features},
  author={Choi, Sung Eun and Lee, Youn Joo and Lee, Sung Joo and Park, Kang Ryoung and Kim, Jaihie},
  journal={Pattern recognition},
  volume={44},
  number={6},
  pages={1262--1281},
  year={2011},
  publisher={Elsevier}
}

@article{liu2008region,
  title={Region-of-interest based resource allocation for conversational video communication of H. 264/AVC},
  author={Liu, Yang and Li, Zheng Guo and Soh, Yeng Chai},
  journal={IEEE transactions on circuits and systems for video technology},
  volume={18},
  number={1},
  pages={134--139},
  year={2008},
  publisher={IEEE}
}

@article{low2020multi,
  title={Multi-audience tracking with RGB-D camera on digital signage},
  author={Low, Chuan-Chuan and Ong, Lee-Yeng and Koo, Voon-Chet and Leow, Meng-Chew},
  journal={Heliyon},
  volume={6},
  number={9},
  pages={e05107},
  year={2020},
  publisher={Elsevier}
}

@article{singha2018dynamic,
  title={Dynamic hand gesture recognition using vision-based approach for human--computer interaction},
  author={Singha, Joyeeta and Roy, Amarjit and Laskar, Rabul Hussain},
  journal={Neural Computing and Applications},
  volume={29},
  number={4},
  pages={1129--1141},
  year={2018},
  publisher={Springer}
}

@article{shifa2020skin,
  title={Skin detection and lightweight encryption for privacy protection in real-time surveillance applications},
  author={Shifa, Amna and Imtiaz, Muhammad Babar and Asghar, Mamoona Naveed and Fleury, Martin},
  journal={Image and Vision Computing},
  volume={94},
  pages={103859},
  year={2020},
  publisher={Elsevier}
}

@inproceedings{ramirez2014color,
  title={Color analysis of facial skin: Detection of emotional state},
  author={Ramirez, Geovany A and Fuentes, Olac and Crites Jr, Stephen L and Jimenez, Maria and Ordonez, Juanita},
  booktitle={Proceedings of the IEEE Conference on Computer Vision and Pattern Recognition Workshops},
  pages={468--473},
  year={2014}
}

@inproceedings{codella2018segmentation,
  title={Segmentation of both diseased and healthy skin from clinical photographs in a primary care setting},
  author={Codella, Noel CF and Anderson, Daren and Philips, Tyler and Porto, Anthony and Massey, Kevin and Snowdon, Jane and Feris, Rogerio and Smith, John},
  booktitle={2018 40th Annual International Conference of the IEEE Engineering in Medicine and Biology Society (EMBC)},
  pages={3414--3417},
  year={2018},
  organization={Ieee}
}

@inproceedings{do2014early,
  title={Early melanoma diagnosis with mobile imaging},
  author={Do, Thanh-Toan and Zhou, Yiren and Zheng, Haitian and Cheung, Ngai-Man and Koh, Dawn},
  booktitle={2014 36th Annual International Conference of the IEEE Engineering in Medicine and Biology Society},
  pages={6752--6757},
  year={2014},
  organization={IEEE}
}

@inproceedings{zarit1999comparison,
  title={Comparison of five color models in skin pixel classification},
  author={Zarit, Benjamin D and Super, Boaz J and Quek, Francis KH},
  booktitle={Proceedings International Workshop on Recognition, Analysis, and Tracking of Faces and Gestures in Real-Time Systems. In Conjunction with ICCV'99 (Cat. No. PR00378)},
  pages={58--63},
  year={1999},
  organization={IEEE}
}

@inproceedings{mahmoodi2015sdd,
  title={SDD: A skin detection dataset for training and assessment of human skin classifiers},
  author={Mahmoodi, Mohammad Reza and Sayedi, Sayed Masoud and Karimi, Fariba and Fahimi, Zahra and Rezai, Vahid and Mannani, Zahra},
  booktitle={2015 2nd International Conference on Knowledge-Based Engineering and Innovation (KBEI)},
  pages={71--77},
  year={2015},
  organization={IEEE}
}

@article{lumini2020fair,
  title={Fair comparison of skin detection approaches on publicly available datasets},
  author={Lumini, Alessandra and Nanni, Loris},
  journal={Expert Systems with Applications},
  pages={113677},
  year={2020},
  publisher={Elsevier}
}

@article{dourado2019domain,
  title={Domain adaptation for holistic skin detection},
  author={Dourado, Aloisio and Guth, Frederico and de Campos, Teofilo Emidio and Weigang, Li},
  journal={arXiv preprint arXiv:1903.06969},
  year={2019}
}

@inproceedings{sigal2000estimation,
  title={Estimation and prediction of evolving color distributions for skin segmentation under varying illumination},
  author={Sigal, Leonid and Sclaroff, Stan and Athitsos, Vassilis},
  booktitle={Proceedings IEEE Conference on Computer Vision and Pattern Recognition. CVPR 2000 (Cat. No. PR00662)},
  volume={2},
  pages={152--159},
  year={2000},
  organization={IEEE}
}

@inproceedings{stottinger2009skin,
  title={Skin paths for contextual flagging adult videos},
  author={St{\"o}ttinger, Julian and Hanbury, Allan and Liensberger, Christian and Khan, Rehanullah},
  booktitle={International symposium on visual computing},
  pages={303--314},
  year={2009},
  organization={Springer}
}

@inproceedings{bhatt2009efficient,
  title={Efficient skin region segmentation using low complexity fuzzy decision tree model},
  author={Bhatt, Rajen B and Sharma, Gaurav and Dhall, Abhinav and Chaudhury, Santanu},
  booktitle={2009 Annual IEEE India Conference},
  pages={1--4},
  year={2009},
  organization={IEEE}
}

@article{bianco2015adaptive,
  title={Adaptive skin classification using face and body detection},
  author={Bianco, Simone and Gasparini, Francesca and Schettini, Raimondo},
  journal={IEEE Transactions on Image Processing},
  volume={24},
  number={12},
  pages={4756--4765},
  year={2015},
  publisher={IEEE}
}

@inproceedings{intawong2013new,
  title={A new pixel-based quality measure for segmentation algorithms integrating precision, recall and specificity},
  author={Intawong, Kannikar and Scuturici, Mihaela and Miguet, Serge},
  booktitle={International Conference on Computer Analysis of Images and Patterns},
  pages={188--195},
  year={2013},
  organization={Springer}
}

@article{chicco2020advantages,
  title={The advantages of the Matthews correlation coefficient (MCC) over F1 score and accuracy in binary classification evaluation},
  author={Chicco, Davide and Jurman, Giuseppe},
  journal={BMC genomics},
  volume={21},
  number={1},
  pages={1--13},
  year={2020},
  publisher={Springer}
}

@article{austin2021need,
  title={The Need for Standardized Metrics to Drive Decision-making During the COVID-19 Pandemic},
  author={Austin, J Matthew and Kachalia, Allen},
  journal={Journal of hospital medicine},
  volume={16},
  number={1},
  pages={56--58},
  year={2021},
  publisher={John Wiley and Sons Inc.}
}

@article{buslaev2020albumentations,
  title={Albumentations: fast and flexible image augmentations},
  author={Buslaev, Alexander and Iglovikov, Vladimir I and Khvedchenya, Eugene and Parinov, Alex and Druzhinin, Mikhail and Kalinin, Alexandr A},
  journal={Information},
  volume={11},
  number={2},
  pages={125},
  year={2020},
  publisher={Multidisciplinary Digital Publishing Institute}
}

@article{kingma2014adam,
  title={Adam: A method for stochastic optimization},
  author={Kingma, Diederik P and Ba, Jimmy},
  journal={arXiv preprint arXiv:1412.6980},
  year={2014}
}

@inproceedings{ignatov2021fast,
  title={Fast camera image denoising on mobile gpus with deep learning, mobile ai 2021 challenge: Report},
  author={Ignatov, Andrey and Byeoung-su, Kim and Timofte, Radu and Pouget, Angeline},
  booktitle={Proceedings of the IEEE/CVF Conference on Computer Vision and Pattern Recognition},
  pages={2515--2524},
  year={2021}
}

@article{chen2021transunet,
  title={Transunet: Transformers make strong encoders for medical image segmentation},
  author={Chen, Jieneng and Lu, Yongyi and Yu, Qihang and Luo, Xiangde and Adeli, Ehsan and Wang, Yan and Lu, Le and Yuille, Alan L and Zhou, Yuyin},
  journal={arXiv preprint arXiv:2102.04306},
  year={2021}
}

@article{cao2021swin,
  title={Swin-Unet: Unet-like Pure Transformer for Medical Image Segmentation},
  author={Cao, Hu and Wang, Yueyue and Chen, Joy and Jiang, Dongsheng and Zhang, Xiaopeng and Tian, Qi and Wang, Manning},
  journal={arXiv preprint arXiv:2105.05537},
  year={2021}
}

@inproceedings{de1998texture,
  title={Texture recognition using a non-parametric multi-scale statistical model},
  author={De Bonet, Jeremy S and Viola, Paul},
  booktitle={Proceedings. 1998 IEEE Computer Society Conference on Computer Vision and Pattern Recognition (Cat. No. 98CB36231)},
  pages={641--647},
  year={1998},
  organization={IEEE}
}

@article{kitamoto1999image,
  title={Image classification using probabilistic models that reflect the internal structure of mixels},
  author={Kitamoto, Asanobu and Takagi, Mikio},
  journal={Pattern Analysis \& Applications},
  volume={2},
  number={1},
  pages={31--43},
  year={1999},
  publisher={Springer}
}

@article{besag1991bayesian,
  title={Bayesian image restoration, with two applications in spatial statistics},
  author={Besag, Julian and York, Jeremy and Molli{\'e}, Annie},
  journal={Annals of the institute of statistical mathematics},
  volume={43},
  number={1},
  pages={1--20},
  year={1991},
  publisher={Springer}
}

@inproceedings{gomez2002selecting,
  title={On selecting colour components for skin detection},
  author={Gomez, Giovani},
  booktitle={Object recognition supported by user interaction for service robots},
  volume={2},
  pages={961--964},
  year={2002},
  organization={IEEE}
}

@inproceedings{zhu2004adaptive,
  title={An adaptive skin model and its application to objectionable image filtering},
  author={Zhu, Qiang and Wu, Ching-Tung and Cheng, Kwang-Ting and Wu, Yi-Leh},
  booktitle={Proceedings of the 12th annual ACM international conference on Multimedia},
  pages={56--63},
  year={2004}
}

@inproceedings{dharmaretnam2018emergence,
  title={The emergence of semantics in neural network representations of visual information},
  author={Dharmaretnam, Dhanush and Fyshe, Alona},
  booktitle={Proceedings of the 2018 Conference of the North American Chapter of the Association for Computational Linguistics: Human Language Technologies, Volume 2 (Short Papers)},
  pages={776--780},
  year={2018}
}

@inproceedings{vaswani2017attention,
  title={Attention is all you need},
  author={Vaswani, Ashish and Shazeer, Noam and Parmar, Niki and Uszkoreit, Jakob and Jones, Llion and Gomez, Aidan N and Kaiser, {\L}ukasz and Polosukhin, Illia},
  booktitle={Advances in neural information processing systems},
  pages={5998--6008},
  year={2017}
}


@misc{acharjee2018skin,
  author={Chinmoy Acharjee},
  title = {Skin-detection},
  year={2018 (accessed: 14 May 2021)},
  howpublished={\url{https://github.com/Chinmoy007/Skin-detection}}
}


@Comment{jabref-meta: databaseType:bibtex;}
